@techreport{shapenet2015,
	title       = {{ShapeNet: An Information-Rich 3D Model Repository}},
	author      = {Chang, Angel X. and Funkhouser, Thomas and Guibas, Leonidas and Hanrahan, Pat and Huang, Qixing and Li, Zimo and Savarese, Silvio and Savva, Manolis and Song, Shuran and Su, Hao and Xiao, Jianxiong and Yi, Li and Yu, Fisher},
	number      = {arXiv:1512.03012 [cs.GR]},
	institution = {Stanford University --- Princeton University --- Toyota Technological Institute at Chicago},
	year        = {2015}
}

@misc{pdbrandom,
	title = {Procedurally Generated Random Objects},
	author = {Google},
	howpublished = {\url{https://sites.google.com/site/brainrobotdata/home/models}},
	note = {Accessed: 2019-09-24}
}

@misc{zeromq,
	title = {ZeroMQ},
	author = {ZeroMQ},
	howpublished = {\url{https://zeromq.org/}},
	note = {Accessed: 2019-09-24}
}

@misc{rapid,
	title = {{RAPID} Reference Manual},
	author = {ABB},
	howpublished = {\url{https://library.e.abb.com/public/688894b98123f87bc1257cc50044e809/Technical%20reference%20manual_RAPID_3HAC16581-1_revJ_en.pdf}},
	note = {Accessed: 2019-09-24}
}

@misc{graspstate,
	title = {How robots are grasping the art of gripping},
	author = {Richard Hodson},
	howpublished = {\url{https://www.nature.com/articles/d41586-018-05093-1}},
	note = {Accessed: 2019-09-24}
}

@misc{gcppricing,
	title = {Google Cloud Platform Pricing},
	author = {Google},
	howpublished = {\url{https://cloud.google.com/pricing/list}},
	note = {Accessed: 2019-09-25}
}

@article{gorila,
	author    = {Arun Nair and
	Praveen Srinivasan and
	Sam Blackwell and
	Cagdas Alcicek and
	Rory Fearon and
	Alessandro De Maria and
	Vedavyas Panneershelvam and
	Mustafa Suleyman and
	Charles Beattie and
	Stig Petersen and
	Shane Legg and
	Volodymyr Mnih and
	Koray Kavukcuoglu and
	David Silver},
	title     = {Massively Parallel Methods for Deep Reinforcement Learning},
	journal   = {CoRR},
	volume    = {abs/1507.04296},
	year      = {2015},
	url       = {http://arxiv.org/abs/1507.04296},
	archivePrefix = {arXiv},
	eprint    = {1507.04296},
	timestamp = {Mon, 13 Aug 2018 16:46:14 +0200},
	biburl    = {https://dblp.org/rec/bib/journals/corr/NairSBAFMPSBPLM15},
	bibsource = {dblp computer science bibliography, https://dblp.org}
}

@article{dexnet4,
	title={Learning ambidextrous robot grasping policies},
	author={Mahler, Jeffrey and Matl, Matthew and Satish, Vishal and Danielczuk, Michael and DeRose, Bill and McKinley, Stephen and Goldberg, Ken},
	journal={Science Robotics},
	volume={4},
	number={26},
	pages={eaau4984},
	year={2019},
	publisher={AAAS}
}

@ARTICLE{tasksimplification,
	author={M. {Breyer} and F. {Furrer} and T. {Novkovic} and R. {Siegwart} and J. {Nieto}},
	journal={IEEE Robotics and Automation Letters},
	title={Comparing Task Simplifications to Learn Closed-Loop Object Picking Using Deep Reinforcement Learning},
	year={2019},
	volume={4},
	number={2},
	pages={1549-1556},
	keywords={closed loop systems;image filtering;learning (artificial intelligence);manipulators;motion control;robot programming;robot vision;task simplifications;object picking;deep reinforcement learning;manipulation capabilities;robotic manipulator;closed-loop policies;reward shaping;curriculum learning;autonomous robots;reinforcement learning;data collection;depth camera inputs;depth image filtering;Task analysis;Training;Robots;Grippers;Cameras;Data models;Reinforcement learning;Grasping;visual servoing;deep reinforcement learning;curriculum learning},
	doi={10.1109/LRA.2019.2896467},
	ISSN={},
	month={April},}

@article{rhpo,
	author    = {Markus Wulfmeier and
	Abbas Abdolmaleki and
	Roland Hafner and
	Jost Tobias Springenberg and
	Michael Neunert and
	Tim Hertweck and
	Thomas Lampe and
	Noah Siegel and
	Nicolas Heess and
	Martin A. Riedmiller},
	title     = {Regularized Hierarchical Policies for Compositional Transfer in Robotics},
	journal   = {CoRR},
	volume    = {abs/1906.11228},
	year      = {2019},
	url       = {http://arxiv.org/abs/1906.11228},
	archivePrefix = {arXiv},
	eprint    = {1906.11228},
	timestamp = {Thu, 27 Jun 2019 18:54:51 +0200},
	biburl    = {https://dblp.org/rec/bib/journals/corr/abs-1906-11228},
	bibsource = {dblp computer science bibliography, https://dblp.org}
}

