@misc{abdolmaleki2018maximum,
	title={Maximum a Posteriori Policy Optimisation},
	author={Abbas Abdolmaleki and Jost Tobias Springenberg and Yuval Tassa and Remi Munos and Nicolas Heess and Martin Riedmiller},
	year={2018},
	eprint={1806.06920},
	archivePrefix={arXiv},
	primaryClass={cs.LG}
}

@misc{wulfmeier2019regularized,
	title={Regularized Hierarchical Policies for Compositional Transfer in Robotics},
	author={Markus Wulfmeier and Abbas Abdolmaleki and Roland Hafner and Jost Tobias Springenberg and Michael Neunert and Tim Hertweck and Thomas Lampe and Noah Siegel and Nicolas Heess and Martin Riedmiller},
	year={2019},
	eprint={1906.11228},
	archivePrefix={arXiv},
	primaryClass={cs.LG}
}

@misc{riedmiller2018learning,
	title={Learning by Playing - Solving Sparse Reward Tasks from Scratch},
	author={Martin Riedmiller and Roland Hafner and Thomas Lampe and Michael Neunert and Jonas Degrave and Tom Van de Wiele and Volodymyr Mnih and Nicolas Heess and Jost Tobias Springenberg},
	year={2018},
	eprint={1802.10567},
	archivePrefix={arXiv},
	primaryClass={cs.LG}
}