@misc{pybullet,
author =   {Erwin Coumans and Yunfei Bai},
title =    {PyBullet, a Python module for physics simulation for games, robotics and machine learning},
howpublished = {http://pybullet.org},
year = {2016--2019}
}

@misc{gradient,
	author =   {The Gradient},
	title =    {The Promise of Hierarchical Reinforcement Learning},
	howpublished = {https://thegradient.pub/the-promise-of-hierarchical-reinforcement-learning/},
	year = {2019}
}

@article{gorila,
	author    = {Arun Nair and
	Praveen Srinivasan and
	Sam Blackwell and
	Cagdas Alcicek and
	Rory Fearon and
	Alessandro De Maria and
	Vedavyas Panneershelvam and
	Mustafa Suleyman and
	Charles Beattie and
	Stig Petersen and
	Shane Legg and
	Volodymyr Mnih and
	Koray Kavukcuoglu and
	David Silver},
	title     = {Massively Parallel Methods for Deep Reinforcement Learning},
	journal   = {CoRR},
	volume    = {abs/1507.04296},
	year      = {2015},
	url       = {http://arxiv.org/abs/1507.04296},
	archivePrefix = {arXiv},
	eprint    = {1507.04296},
	timestamp = {Mon, 13 Aug 2018 16:46:14 +0200},
	biburl    = {https://dblp.org/rec/bib/journals/corr/NairSBAFMPSBPLM15},
	bibsource = {dblp computer science bibliography, https://dblp.org}
}

@article{rllib,
	author    = {Eric Liang and
	Richard Liaw and
	Robert Nishihara and
	Philipp Moritz and
	Roy Fox and
	Joseph Gonzalez and
	Ken Goldberg and
	Ion Stoica},
	title     = {Ray RLLib: {A} Composable and Scalable Reinforcement Learning Library},
	journal   = {CoRR},
	volume    = {abs/1712.09381},
	year      = {2017},
	url       = {http://arxiv.org/abs/1712.09381},
	archivePrefix = {arXiv},
	eprint    = {1712.09381},
	timestamp = {Mon, 13 Aug 2018 16:47:15 +0200},
	biburl    = {https://dblp.org/rec/bib/journals/corr/abs-1712-09381},
	bibsource = {dblp computer science bibliography, https://dblp.org}
}

@ARTICLE{tasksimplification,
	author={M. {Breyer} and F. {Furrer} and T. {Novkovic} and R. {Siegwart} and J. {Nieto}},
	journal={IEEE Robotics and Automation Letters},
	title={Comparing Task Simplifications to Learn Closed-Loop Object Picking Using Deep Reinforcement Learning},
	year={2019},
	volume={4},
	number={2},
	pages={1549-1556},
	keywords={closed loop systems;image filtering;learning (artificial intelligence);manipulators;motion control;robot programming;robot vision;task simplifications;object picking;deep reinforcement learning;manipulation capabilities;robotic manipulator;closed-loop policies;reward shaping;curriculum learning;autonomous robots;reinforcement learning;data collection;depth camera inputs;depth image filtering;Task analysis;Training;Robots;Grippers;Cameras;Data models;Reinforcement learning;Grasping;visual servoing;deep reinforcement learning;curriculum learning},
	doi={10.1109/LRA.2019.2896467},
	ISSN={},
	month={April},}

@book{sutton,
	added-at = {2019-07-13T10:11:53.000+0200},
	author = {Sutton, Richard S. and Barto, Andrew G.},
	biburl = {https://www.bibsonomy.org/bibtex/2f46601cf8b13d39d1378af0d79438b12/lanteunis},
	edition = {Second},
	interhash = {ac6b144aaec1819919a2fba9f705c852},
	intrahash = {f46601cf8b13d39d1378af0d79438b12},
	keywords = {},
	publisher = {The MIT Press},
	timestamp = {2019-07-13T10:11:53.000+0200},
	title = {Reinforcement Learning: An Introduction},
	url = {http://incompleteideas.net/book/the-book-2nd.html},
	year = {2018 }
}

@misc{wulfmeier2019regularized,
	title={Regularized Hierarchical Policies for Compositional Transfer in Robotics},
	author={Markus Wulfmeier and Abbas Abdolmaleki and Roland Hafner and Jost Tobias Springenberg and Michael Neunert and Tim Hertweck and Thomas Lampe and Noah Siegel and Nicolas Heess and Martin Riedmiller},
	year={2019},
	eprint={1906.11228},
	archivePrefix={arXiv},
	primaryClass={cs.LG}
}

@article{ppo,
	author    = {John Schulman and
	Filip Wolski and
	Prafulla Dhariwal and
	Alec Radford and
	Oleg Klimov},
	title     = {Proximal Policy Optimization Algorithms},
	journal   = {CoRR},
	volume    = {abs/1707.06347},
	year      = {2017},
	url       = {http://arxiv.org/abs/1707.06347},
	archivePrefix = {arXiv},
	eprint    = {1707.06347},
	timestamp = {Mon, 13 Aug 2018 16:47:34 +0200},
	biburl    = {https://dblp.org/rec/bib/journals/corr/SchulmanWDRK17},
	bibsource = {dblp computer science bibliography, https://dblp.org}
}
